@misc{ SIT,
       title = "System Integration Testing",
       howpublished = "\url{https://www.guru99.com/system-integration-testing.html}" }
    
@misc{ UT,
       title = "Unit Testing",
       howpublished = "\url{http://softwaretestingfundamentals.com/unit-testing/}" }
     
@misc{ AT,
       title = "Acceptance Testing",
       howpublished = "\url{http://softwaretestingfundamentals.com/acceptance-testing/}" }
       
@misc{ ST,
       title = "Stress Testing",
       howpublished = "\url{https://www.guru99.com/stress-testing-tutorial.html}" }
       
@misc{ BT,
       title = "Batch Testing",
       howpublished = "\url{https://www.slightbook.com/Subjects/Software-Testing/Automation-QTP/Interview-Questions/What-is-Batch-testing}" }
       
@misc{ RT,
       title = "Regression Testing",
       howpublished = "\url{https://www.guru99.com/regression-testing.html}" }